@Type{ascii-1000, field = {ACDE iouy}, }

@Type{latin1-1000, field = {ÅÇÐÈ îøüý}, }
@Type{latin1-2000, field = {¢£§©®±µ¶}, }
@Type{latinExtA-1000, field = {ĂĆĎĘ ĭőůŷ}, }

@Type{greek-1000, field = {ΑΒΓΔφχψω}, }

@Type{cyrillic-1000, field = {АБВГьэюя}, }

@Type{kana-1000, field = {あいうえゐゑをん}, }
@Type{kana-2000, field = {アイウエヰヱヲン}, }
@Type{kana-3000, field = {ｱｲｳﾜｦﾝ}, }
@Type{katakana-phonetic-extensions-1000, field = {ㇰㇱㇲㇳㇴㇵㇶㇷㇸㇹㇺㇻㇼㇽㇾㇿ}, }
@Type{kana-ExtA-1000, field = {𛄀𛄁𛄂𛄃𛄄𛄅𛄆𛄇}, }
@Type{kana-ExtB-1000, field = {𚿰𚿱𚿲𚿳𚿵𚿶𚿷𚿸}, }
@Type{small-kana-Ext-1000, field = {𛅐𛅑𛅒𛅤𛅥𛅦𛅧}, }

@Type{hanzi-1000, field = {一二三四漆捌玖拾}, }
@Type{cjk-ideograph-ExtA-1000, field = {㐂㒵㓛㞍㟢㐆㐬㐮㔫㚑㐧}, }
@Type{cjk-ideograph-ExtB-1000, field = {櫛杓𦥑𠮟𠀋𡈽𥝱𡚴}, }
@Type{cjk-compatibility-ideograph-1000, field = {豈更車賈滑串句龜}, }
@Type{cjk-ideograph-ExtC-1000, field = {𪜀𪜁𪜂𪜃𪜄𪜅𪜆𪜇}, }
@Type{cjk-ideograph-ExtG-1000, field = {𰀀𰀁𰀂𰀃𰀄𰀅𰀆𰀇}, }
@Type{cjk-ideograph-ExtH-1000, field = {𱍐𱍑𱍒𱍓𱍔𱍕𱍖𱍗}, }
@Type{cjk-ideograph-ExtI-1000, field = {𮯰𮯱𮯲𮯳𮯴𮯵𮯶𮯷}, }

@Type{hangul-1000, field = {가나다라마한글텍}, }

@Type{fullw-001, field = {＃}, }
@Type{fullw-002, field = {＠}, }
@Type{fullw-003, field = {Ａ}, }
@Type{fullw-004, field = {ｚ}, }
@Type{fullw-005, field = {￡}, }
@Type{fullw-006, field = {￦}, }
@Type{fullw-007, field = {０}, }
@Type{fullw-008, field = {９}, }

@Type{symbol-101, field = {☀}, }
@Type{symbol-102, field = {☁}, }
@Type{symbol-103, field = {☂}, }
@Type{symbol-104, field = {☃}, }
@Type{symbol-105, field = {●}, }
@Type{symbol-106, field = {△}, }
@Type{symbol-107, field = {■}, }
@Type{symbol-108, field = {◇}, }
@Type{symbol-109, field = {＼}, }

@Type{hangul-jamo-1000, field = {ᄀᄁᄂᄃᇶᇷᇸᇹ}, }
@Type{hangul-compatibilityjamo-1000, field = {ㄱㄲㄳㄴㆉㆊㆋㆌ}, }
@Type{hangul-jamo-ExtA-1000, field = {ꥠꥡꥢꥣꥤꥥꥦꥧ}, }
@Type{hangul-jamo-ExtB-1000, field = {ힰힱힲힳힴힵힶힷ}, }
@Type{cjk-radical-supplement-1000, field = {⺐⺒⺓⺔⺖⺗⺘⺙⻭⻯⻲}, }
@Type{kangxi-radicals-1000, field = {⿎⿏⿐⿑⿒⿓⿔⿕}, }
@Type{ideographic-description-char-1000, field = {⿰⿱⿲⿳⿴⿵⿶⿷⿸⿹⿺⿻}, }
@Type{bopomofo-1000, field = {ㄅㄆㄇㄈㄦㄧㄨㄩ}, }
@Type{bopomofo-extended-1000, field = {ㆠㆡㆢㆣㆤㆥㆦㆧ}, }
@Type{kanbun-1000, field = {㆑㆒㆓㆔㆙㆚㆛㆜㆝㆞㆟}, }
@Type{cjk-strokes-1000, field = {㇀㇁㇂㇃㇠㇡㇢㇣}, }

@Type{cjk-symbols-and-punctuation-1000, field = {〄々〆〇【】〠〽}, }
@Type{enclosed-cjk-letters-and-months-1000, field = {㈀㈁㈂㈠㈡㈢㈱㋐㋑㋒}, }
@Type{cjk-compatibility-1000, field = {㌀㌁㌂㌃㌄㌅㌆㌇}, }
@Type{cjk-compatibility-forms-1000, field = {︵︶︷︸︹︺︻︼︽︾}, }

@Type{mix0, field = {mix てふ나비蝴蝶ㄏㄨˊㄉㄧㄝˊ⾍}, }
@Type{mix1, field = {mix てふ蝴蝶}, }
@Type{mix2, field = {mix 蝴蝶ㄏㄨˊㄉㄧㄝˊ⾍}, }
@Type{mix3, field = {mix 나비蝴蝶}, }
