@Type{ascii,
  field	  = {ABC HIJ XYZ abc hij xyz {ACE} {ace}},
}

@Type{latin1,
  field	  = {ÀÁÂ ÆÇÈ ÔÕÖ ØÙÚ ÜÝÞ àáâ æçè ôõö øùú üýþ {ÆÇÈ} {æçè}},
}

@Type{latin-extA1,
  field	  = {ĀĂĄ ĲĴĶ ĹĻĽ ŃŅŇ āăą ĳĵķ ĺļľ ńņň},
}

@Type{latin-extA2,
  field	  = {ŌŎŒ ŖŦŲ ŴŶŸ ŹŻŽ ōŏœ ŗŧų ŵŷÿ źżž},
}

@Type{latin-SharpS,
  field	  = {SS S ß s},
}

@Type{greek1,
  field	  = {ΑΒΓ ΠΡ ΣΤ ΧΨΩΪ αβγ πρ στ χψωϊ {ΑΠΣ} {απσ}},
}

@Type{greek2,
  field	  = {ͰͲͶ ϘϚϜ ϪϬϮ Ϸ Ϻ ͱͳͷ ϙϛϝ ϫϭϯ ϸ ϻ},
}

@Type{cyrillic1,
  field	  = {АБВ ОП РС ЭЮЯ абв оп рс эюя {АРЯ} {апя}},
}

@Type{cyrillic2,
  field	  = {ЀЁЂЃЄЅІЇЈЉЊЋЌЍЎЏ ѐёђѓєѕіїјљњћќѝўџ},
}

@Type{cyrillic3,
  field	  = {ѠѢѤ ѼѾҀ ҊҌҎ ҺҼҾ ѡѣѥ ѽѿҁ ҋҍҏ һҽҿ},
}

@Type{cyrillic4,
  field	  = {Ӏ ӁӃӅ ӉӋӍ ӏ ӂӄӆ ӊӌӎ},
}

@Type{cyrillic5,
  field	  = {ӐӒӔ ӺӼӾ ԀԂԄ ԪԬԮ ӑӓӕ ӻӽӿ ԁԃԅ ԫԭԯ},
}

